@book{thompson,
    title = {Haskell - the craft of functional programming},
    author = {Simon Thompson},
    edition = {3},
    year = {2011},
    publisher = {Pearson}
}
